<?xml version="1.0" encoding="UTF-8"?><collection xmlns="http://www.loc.gov/MARC21/slim"><record><leader>00436nam--2200121-i-4500</leader><controlfield tag="001">000003652</controlfield><controlfield tag="002">20161230</controlfield><controlfield tag="005">20161230201025</controlfield><controlfield tag="008">060222s1000------------r-----000-0-eng-d</controlfield><datafield ind1=" " ind2=" " tag="080"><subfield code="a">331</subfield></datafield><datafield ind1=" " ind2=" " tag="245"><subfield code="a">Calauza de tehnica securitatii in constructia, exploatarea si intretinerea instalatiilor electrice si de telecomunicatii din intreprin derile petrolifere</subfield></datafield><datafield ind1=" " ind2=" " tag="260"><subfield code="a">Bucuresti,Ed.Consiliului Central Al Sindicate Lor,1954. 80p</subfield></datafield><datafield ind1=" " ind2=" " tag="852"><subfield code="a">4327</subfield></datafield></record></collection>